<record><leader>00000cas a22000007a 4500</leader><controlfield tag="001">17569583</controlfield><controlfield tag="008">880303d18771892lauwr ne      0    0eng d</controlfield><datafield ind1=" " ind2=" " tag="010"><subfield code="a">sn 88064219 </subfield></datafield><datafield ind1=" " ind2=" " tag="040"><subfield code="a">LNP</subfield><subfield code="b">eng</subfield><subfield code="c">LNP</subfield><subfield code="d">OCLCQ</subfield><subfield code="d">OCLCF</subfield><subfield code="d">OCLCO</subfield></datafield><datafield ind1="1" ind2=" " tag="029"><subfield code="a">AU@</subfield><subfield code="b">000020500553</subfield></datafield><datafield ind1=" " ind2=" " tag="042"><subfield code="a">msc</subfield></datafield><datafield ind1=" " ind2=" " tag="043"><subfield code="a">n-us-la</subfield></datafield><datafield ind1="0" ind2="0" tag="245"><subfield code="a">DeSoto Democrat.</subfield></datafield><datafield ind1="3" ind2="0" tag="246"><subfield code="a">De Soto Democrat</subfield></datafield><datafield ind1=" " ind2=" " tag="260"><subfield code="a">Mansfield, La. :</subfield><subfield code="b">John E. Hewitt</subfield></datafield><datafield ind1=" " ind2=" " tag="310"><subfield code="a">Weekly</subfield></datafield><datafield ind1="1" ind2=" " tag="362"><subfield code="a">Began in 1877; ceased in 1892?</subfield></datafield><datafield ind1=" " ind2=" " tag="588"><subfield code="a">Description based on: Vol. 7, no. 9 (Mar. 28, 1884).</subfield></datafield><datafield ind1=" " ind2="0" tag="651"><subfield code="a">Mansfield (La.)</subfield><subfield code="v">Newspapers.</subfield></datafield><datafield ind1=" " ind2="7" tag="655"><subfield code="a">Newspapers.</subfield><subfield code="2">fast</subfield><subfield code="0">(OCoLC)fst01423814</subfield></datafield><datafield ind1=" " ind2="7" tag="651"><subfield code="a">Louisiana</subfield><subfield code="z">Mansfield.</subfield><subfield code="2">fast</subfield><subfield code="0">(OCoLC)fst01217782</subfield></datafield><datafield ind1=" " ind2=" " tag="752"><subfield code="a">United States</subfield><subfield code="b">Louisiana</subfield><subfield code="c">De Soto</subfield><subfield code="d">Mansfield.</subfield></datafield><datafield ind1="0" ind2="7" tag="785"><subfield code="t">Mansfield journal (Mansfield, La. : 1891)</subfield><subfield code="w">(DLC)sn 88064216</subfield></datafield><datafield ind1="0" ind2="7" tag="785"><subfield code="t">Democrat-journal (Mansfield, La.)</subfield><subfield code="w">(DLC)sn 88064217</subfield></datafield></record>